% -*- Mode:BibTeX -*-

@PREAMBLE{ " \providecommand{\noopsort}[1]{} "
         # " \providecommand{\germanquote}[1]{{{\glqq}#1{\grqq}}} "
         }

@Book{Booth:CR:2008,
  author =       {Booth, W. C. and Colomb, G. G. and Williams, J. M.},
  title =        {{The Craft of Research}},
  publisher =    {The University of Chicago Press},
  year =         {2008},
  series =       {Chicago Guides to Writing, Editing, and Publishing},
  edition =      {3},
  note =         {\url{http://en.wikipedia.org/w/index.php?title=The_Craft_of_Research}},
}

@Book{Brooks:MMM:1975,
  author =       {Brooks, Jr., F.},
  title =        {{T}he {M}ythical {M}an-{M}onth},
  publisher =    {Addison-Wesley},
  year =         {1975},
  note =         {\url{http://en.wikipedia.org/w/index.php?title=The_Mythical_Man-Month}},
}

@Article{Mandelbrot:FBMFNA:1968,
  author =       {Mandelbrot, B. B. and {Van Ness}, J. W.},
  title =        {{Fractional Brownian Motions, Fractional Noises and Applications}},
  journal =      {SIAM Rev.},
  year =         {1968},
  volume =       {10},
  number =       {4},
  pages =        {422--437},
  doi =          {10.1137/1010093},
}

@Article{Nicodemus:DREOS:1965,
  author =       {Nicodemus, F. E.},
  title =        {{Directional Reflectance and Emissivity of an Opaque Surface}},
  journal =      {Applied Optics},
  year =         {1965},
  volume =       {4},
  number =       {7},
  pages =        {767--773},
  doi =          {10.1364/AO.4.000767},
}

@Article{Sutherland:CTHSA:1974,
  author =       {Sutherland, I. E. and Sproull, R. F. and Schumacker, R. A.},
  title =        {{A Characterization of Ten Hidden-Surface Algorithms}},
  journal =      {Computing Surveys},
  year =         {1974},
  volume =       {6},
  number =       {1},
  pages =        {1--55},
  doi =          {10.1145/356625.356626},
}

@Unpublished{Unknown:NotFound,
  author =       {{Unknown Author}\noopsort{UnknownAuthor}},
  title =        {{No Title}},
  year =         {2001},
  note =         {{\em Placeholder for reference not yet found!}},
}
